<collection xmlns="http://www.loc.gov/MARC21/slim">
<record>
  <leader>01047nam0a22002411i 450 </leader>
  <controlfield tag="001">IT\ICCU\CNCE\029088</controlfield>
  <controlfield tag="005">19971117000000.0</controlfield>
  <datafield tag="012" ind1=" " ind2=" ">
    <subfield code="a">nono dine arei guGI (C) 1577 (R)</subfield>
    <subfield code="2">fei</subfield>
  </datafield>
  <datafield tag="100" ind1=" " ind2=" ">
    <subfield code="a">19971117d1577        0itac0103    ba</subfield>
  </datafield>
  <datafield tag="101" ind1=" " ind2=" ">
    <subfield code="a">LAT</subfield>
  </datafield>
  <datafield tag="102" ind1=" " ind2=" ">
    <subfield code="a">IT</subfield>
  </datafield>
  <datafield tag="200" ind1="1" ind2=" ">
    <subfield code="a">Della oratione dominicale, et salutatione angelica. Breue interpretatione ...</subfield>
  </datafield>
  <datafield tag="210" ind1=" " ind2=" ">
    <subfield code="a">In Vicenza</subfield>
    <subfield code="c">appresso Giorgio Angelieri</subfield>
    <subfield code="d">1577</subfield>
  </datafield>
  <datafield tag="215" ind1=" " ind2=" ">
    <subfield code="a">12 c.</subfield>
    <subfield code="d">8ʻ</subfield>
  </datafield>
  <datafield tag="620" ind1=" " ind2=" ">
    <subfield code="a">IT</subfield>
    <subfield code="d">Vicenza</subfield>
  </datafield>
  <datafield tag="700" ind1=" " ind2="1">
    <subfield code="a">Garzadori Graziani,</subfield>
    <subfield code="b">Francesco</subfield>
    <subfield code="3">IT\ICCU\CNCA\005885</subfield>
  </datafield>
  <datafield tag="712" ind1="0" ind2="0">
    <subfield code="a">Angelieri, Giorgio</subfield>
    <subfield code="3">IT\ICCU\CNCT\000385</subfield>
    <subfield code="4">650</subfield>
  </datafield>
  <datafield tag="790" ind1=" " ind2="1">
    <subfield code="a">Graziani Garzadori,</subfield>
    <subfield code="b">Francesco</subfield>
    <subfield code="3">IT\ICCU\CNCA\005886</subfield>
    <subfield code="z">Garzadori Graziani, Francesco</subfield>
  </datafield>
  <datafield tag="790" ind1=" " ind2="1">
    <subfield code="a">Garzadoro,</subfield>
    <subfield code="b">Francesco Graziano</subfield>
    <subfield code="3">IT\ICCU\CNCA\019005</subfield>
    <subfield code="z">Garzadori Graziani, Francesco</subfield>
  </datafield>
  <datafield tag="790" ind1=" " ind2="1">
    <subfield code="a">De_Garzatoribus,</subfield>
    <subfield code="b">Franciscus Gratianus</subfield>
    <subfield code="3">IT\ICCU\CNCA\022751</subfield>
    <subfield code="z">Garzadori Graziani, Francesco</subfield>
  </datafield>
  <datafield tag="791" ind1="0" ind2="0">
    <subfield code="a">Angelerius, Georgius</subfield>
    <subfield code="3">IT\ICCU\CNCT\004246</subfield>
    <subfield code="z">Angelieri, Giorgio</subfield>
  </datafield>
  <datafield tag="801" ind1=" " ind2="3">
    <subfield code="a">IT</subfield>
    <subfield code="b">ICCU</subfield>
    <subfield code="c">20201114</subfield>
  </datafield>
  <datafield tag="899" ind1=" " ind2=" ">
    <subfield code="a">Biblioteca Angelica. Roma</subfield>
    <subfield code="1">RM0290</subfield>
    <subfield code="2">RML 06</subfield>
  </datafield>
</record>
</collection>
